




@article{pesaran_1992,
    author =       "M. Hashem Pesaran and Allan Timmermann",
    title =        "A Simple Nonparametric Test of Predictive Performance",
    journal =      "Journal of Business \& Economic Statistics",
    volume =       "10",
    number =       "4",
    pages =        "461-465",
    year =         "1992"
}


@Manual{rugarch,
    title = {rugarch: Univariate GARCH models.},
    author = {Alexios Ghalanos},
    year = {2019},
    note = {R package version 1.4-1.},
  }



@article{bollerslev_etal_1988_capital_asset,
    author =       "Tim Bollerslev and Robert F. Engle and Jeffrey M. Wooldridge",
    title =        "A capital-asset pricing model with time-varying covariances",
    journal =      "Journal of Political Economy",
    volume =       "96",
    number =       "",
    pages =        "116–131",
    year =         "1988"
}



@article{white_2000_reality,
    author =       "Halbert White",
    title =        "A reality check for data snooping",
    journal =      "Econometrica",
    volume =       "68",
    number =       "",
    pages =        "1097–1126",
    year =         "2000"
}



@article{hansen_lunde_2006_consistent,
    author =       "Peter R. Hansen and Asger Lunde",
    title =        "Consistent ranking of volatility models",
    journal =      "Journal of Econometrics",
    volume =       "131",
    number =       "",
    pages =        "97–121",
    year =         "2006"
}



@article{hansen_lunde_nason_2011,
    author =       "Peter R. Hansen and Asger Lunde and James M. Nason",
    title =        "The Model Confidence Set",
    journal =      "Econometrica",
    volume =       "79",
    number =       "",
    pages =        "453-497",
    year =         "2011"
}



@article{bartels_ziegelmann_2016,
    author =       "Mariana Bartels and Flavio A. Ziegelmann",
    title =        "Market risk forecasting for high dimensional portfolios via factor copulas with GAS dynamics",
    journal =      "Insurance: Mathematics and Economics",
    volume =       "70",
    number =       "",
    pages =        "66-79",
    year =         "2016"
}


@article{creal_2012_gas,
    author =       "Drew Creal and Siem Jan Koopman and André Lucas",
    title =        "Generalized Autoregressive Score Models with Applications",
    journal =      "Journal of Applied Econometrics",
    volume =       "28",
    number =       "",
    pages =        "777-795",
    year =         "2012"
}


@article{ poiganrd2017 ,
    author =       "Benjamin Poignard",
    title =        "New approaches for high-dimensional multivariate GARCH models.",
    journal =      "General Mathematics. PSL Research University",
    volume =       "",
    number =       "",
    pages =        "",
    year =         "2017"
}



@article{ bauwens_etal_2006 ,
    author =       "Luc Bauwens and Sébastien Laurent and Jeroen Rombouts",
    title =        "Multivariate GARCH Models: A Survey",
    journal =      "Journal of Applied Econometrics",
    volume =       "21",
    number =       "",
    pages =        "79-109",
    year =         "2006"
}



@article{ asai_etal_2006 ,
    author =       "Manabu Asai and Michael McAleer and Jun Yu",
    title =        "Multivariate stochastic volatility: A review",
    journal =      "Econometric Reviews",
    volume =       "25",
    number =       "",
    pages =        "145-175",
    year =         "2006"
}


@article{ engle_kroner_1995 ,
    author =       "Robert F. Engle and Kenneth F. Kroner",
    title =        "Multivariate Simultaneous Generalized ARCH",
    journal =      "Econometric Theory",
    volume =       "11",
    number =       "1",
    pages =        "122-150",
    year =         "1995"
}


@article{ chua_etal_2012 ,
    author =       "Chew Lian Chua and Sandy Suardi and Sarantis Tsiaplias",
    title =        "An impulse-response function for a VAR with multivariate GARCH-in-Mean that incorporates direct and indirect transmission of shocks",
    journal =      "Economics Letters",
    volume =       "117",
    number =       "",
    pages =        "452-454",
    year =         "2012"
}


@article{ herskovic_etal_2016 ,
    author =       "Bernard Herskovic and Bryan Kelly and Hanno Lustig and Stijn Van Nieuwerburgh",
    title =        "The common factor in idiosyncratic volatility: Quantitative asset pricing implications",
    journal =      "Journal of Financial Economics",
    volume =       "119",
    number =       "",
    pages =        "249-283",
    year =         "2016"
}



@article{ santo_moura_2014 ,
    author =       "André A.P. Santos and Guilherme V. Moura",
    title =        "Dynamic factor multivariate GARCH model",
    journal =      "Computational Statistics and Data Analysis",
    volume =       "76",
    number =       "",
    pages =        "606-617",
    year =         "2014"
}



@article{ bauer_vorkin_2011 ,
    author =       "Gregory H. Bauer and Keith Vorkink",
    title =        "Forecasting multivariate realized stock market volatility",
    journal =      "Journal of Econometrics ",
    volume =       "160",
    number =       "",
    pages =        "93-101",
    year =         "2011"
}




@article{ fan_etal_2019 ,
    author =       "Jianqing Fan and Weichen Wang and Yiqiao Zhong",
    title =        "Robust covariance estimation for approximate factor models",
    journal =      "Journal of Econometrics",
    volume =       "208",
    number =       "",
    pages =        "5-22",
    year =         "2019"
}




@article{ boussama_etal_2011 ,
    author =       "Farid Boussama and Florian Fuchs and Robert Stelzer",
    title =        "Stationarity and geometric ergodicity of BEKK multivariate GARCH models",
    journal =      "Stochastic Processes and their Applications",
    volume =       "121",
    number =       "",
    pages =        "233-2360",
    year =         "2011"
}






@article{ engle_ng_rothschild_1990 ,
    author =       "Robert F. Engle and Victor K. Ng and Michael Rothschild",
    title =        "Asset Princing with a Factor-ARCH covariance structure: Empirical estimates for Treasury Bills",
    journal =      "Journal of Econometrics ",
    volume =       "15",
    number =       "",
    pages =        "213-237",
    year =         "1990"
}


@article{ tsiaplias_chua_2013 ,
    author =       "Sarantis Tsiaplias and Chew Lian Chua",
    title =        "A Multivariate GARCH Model Incorporating the Direct and Indirect Transmission of Shocks",
    journal =      "Econometric Reviews",
    volume =       "32",
    number =       "2",
    pages =        "244-271",
    year =         "2013"
}


@article{ natarajan_etal_2014 ,
    author =       "Vinodh Kesavaraj Natarajan and Azariah Robert Raja Singh and Nagarajan Chidham Priya",
    title =        "Examining mean-volatility spillovers across national stock markets",
    journal =      "Journal of Economics, Finance and Administrative Science ",
    volume =       "19",
    number =       "",
    pages =        "55-62",
    year =         "2014"
}


@article{ bashar_etal_2013 ,
    author =       "Omar H.M.N. Bashar and I.K.M. Mokhtarul Wadud and Huson Joher Ali Ahmed",
    title =        "Oil price uncertainty, monetary policy and the macroeconomy: The Canadian perspective",
    journal =      "Economic Modelling",
    volume =       "35",
    number =       "",
    pages =        "249-259",
    year =         "2013"
}



@article{ jin_etal_2012 ,
    author =       "Xiaoye Jin and Sharon Xiaowen Lin and Michael Tamvakis",
    title =        "Volatility transmission and volatility impulse response functions in crude oil markets",
    journal =      "Energy Economics",
    volume =       "34",
    number =       "",
    pages =        "2125-2134",
    year =         "2012"
}


@article{ medeiros_mendes_2012 ,
    author =       "Marcelo C. Medeiros and Eduardo F. Mendes",
    title =        "Estimating High-Dimensional Time Series Models",
    journal =      "CREATES Research Papers Department of Economics and Business Economics Aarhus University",
    volume =       "2012-37",
    number =       "",
    pages =        "",
    year =         "2012"
}

@article{ tibshirani_1996 ,
    author =       "Robert Tibshirani",
    title =        "Regression Shrinkage and Selection via the Lasso",
    journal =      "Journal of the Royal Statistical Society. Series B ",
    volume =       "58",
    number =       "1",
    pages =        "267-288",
    year =         "1996"
}




@article{ zou_2006 ,
    author =       "Hui Zou",
    title =        "The Adaptive Lasso and Its Oracle Properties",
    journal =      "Journal of the American Statistical Association",
    volume =       "101",
    number =       "476",
    pages =        "",
    year =         "2006"
}

@article{ dealmeida_etal_2018 ,
    author =       "Daniel de Almeida and Luiz K. Hotta and Esther Ruiz",
    title =        "MGARCH models: Trade-off between feasibility and flexibility",
    journal =      "International Journal of Forecasting",
    volume =       "34",
    number =       "",
    pages =        "45-63",
    year =         "2018"
}



@article{ minovic_simeunovic_2008 ,
    author =       "Jelena Minović and Ivana Simeunović",
    title =        "Applying MGARCH Models in Finance",
    journal =      "Challenges of economic science in the 21st century",
    volume =       "",
    number =       "",
    pages =        "",
    year =         "2008"
}

@article{ giot_laurent_2003 ,
    author =       "Pierre Giot and Sébastien Laurent",
    title =        "Value-at-Risk for Long and Short Trading Positions",
    journal =      "Journal of Applied Econometrics",
    volume =       "18",
    number =       "6",
    pages =        "641-664",
    year =         "2003"
}

@book{ISL,
    author    = "Gareth James and Daniela Witten and Trevor Hastie and Robert Tibshirani",
    title     = "An Introduction to Statistical Learning with Applications in R",
    year      = "2014",
    publisher = "Springer"
}


@article{ lopez_1999 ,
    author =       "Jose A. Lopez",
    title =        "Evaluating the Predictive Accuracy of Volatility Models",
    journal =      "Economic Research Department Federal Reserve Bank of San Francisco",
    volume =       "",
    number =       "",
    pages =        "",
    year =         "1999"
}



@article{ bollerslev_engle_nelson_1994 ,
    author =       "Tim Bollerslev and Robert T. Engle and  Daniel B. Nelson",
    title =        "ARCH model",
    journal =      "In:  Handbook of Econometrics IV Elsevier Science, Amsterdam. R. F. Engle and D. C. McFadden (eds.).",
    volume =       "",
    number =       "",
    pages =        "25959-3038",
    year =         "1994"
}


@article{ bollerslev_chou_kroner_1992 ,
    author =       "Tim Bollerslev and Ray Y. Chou and Kenneth F. Kroner",
    title =        "ARCH modeling in finance: A review of the theory and empirical evidence",
    journal =      "Journal of Econometrics",
    volume =       "52",
    number =       "",
    pages =        "5-59",
    year =         "1992"
}


@article{ souza_medeiros_2005 ,
    author =       "Leonardo Souza and Alvaro Veiga and Marcelo C. Medeiros",
    title =        "Evaluating the Forecasting Performance of GARCH Models Using White’s Reality Check",
    journal =      "Brazilian Review of Econometrics",
    volume =       "25",
    number =       "1",
    pages =        "43-66",
    year =         "2005"
}



@article{ wennstrom_2014_thesis ,
    author =       "Amadeus Wennström",
    title =        "Volatility Forecasting Performance: Evaluation of GARCH type volatility models on Nordic equity indices",
    journal =      "Master of Science Thesis, Department of Mathematics, Royal Institute of Technology (KTH), Stockholm, Sweden",
    volume =       "",
    number =       "",
    pages =        "",
    year =         "2014"
}



@book{martin_hurn_harris,
    author    = "V. L. Martin and A. S. Hurn and D. Harris",
    title     = "Econometric Modelling with Time Series: Specification, Estimation and Testing",
    year      = "",
    publisher = ""
}



@book{tsay_financial,
    author    = "Ruey S. Tsay",
    title     = "Analysis of Financial Time Series",
    year      = "2010",
    publisher = "John Wiley \& Sons, Third Edition"
}


@article{ andersen_bollerslev_1998 ,
    author =       "Torben G. Andersen and Tim Bollerslev",
    title =        "Answering the Skeptics: Yes, Standard Volatility Models do Provide Accurate Forecasts",
    journal =      "International Economic Review",
    volume =       "39",
    number =       "4",
    pages =        "885-905",
    year =         "1998"
}





@article{ perlim_ramos_2016 ,
    author =       "Marcelo S. Perlin and Henrique P. Ramos",
    title =        "GetHFData: A R package for downloading and aggregating high frequency trading data from Bovespa",
    journal =      "Brazilian Review of Finance",
    volume =       "14",
    number =       "3",
    pages =        "443-478",
    year =         "2016"
}






@article{ andersen_etal_2003 ,
    author =       "Torben G. Andersen and Tim Bollerslev and Francis X. Diebold and Paul Labys",
    title =        "Modeling and Forecasting Realized Volatility",
    journal =      "Econometrica",
    volume =       "71",
    number =       "2",
    pages =        "579-625",
    year =         "2003"
}




@article{ andersen_etal_2001_distribution ,
    author =       "Torben G. Andersen and Tim Bollerslev and Francis X. Diebold and Heiko Ebens",
    title =        "The distribution of realized stock return volatility ",
    journal =      "Journal of Financial Economics",
    volume =       "61",
    number =       "",
    pages =        "43-76",
    year =         "2001"
}


@article{ hansen_lunde_2005 ,
    author =       "Peter R. Hansen and Asger Lunde",
    title =        "A Forecast comparison of volatility models: does anything beat a GARCH(1,1)?",
    journal =      "Journal of Applied Econometrics",
    volume =       "20",
    number =       "",
    pages =        "873-899",
    year =         "2005"
}
















































































